@InProceedings{shigeto-EtAl:2013:MWE,
  author    = {Shigeto, Yutaro  and  Azuma, Ai  and  Hisamoto, Sorami  and  Kondo, Shuhei  and  Kouse, Tomoya  and  Sakaguchi, Keisuke  and  Yoshimoto, Akifumi  and  Yung, Frances  and  Matsumoto, Yuji},
  title     = {Construction of {English} {MWE} Dictionary and its Application to {POS} Tagging},
  booktitle = {Proceedings of the 9th Workshop on Multiword Expressions},
  month     = {June},
  year      = {2013},
  address   = {Atlanta, Georgia, USA},
  publisher = {Association for Computational Linguistics},
  pages     = {139--144},
  url       = {http://www.aclweb.org/anthology/W13-1021}
}


@InProceedings{muzny-zettlemoyer:2013:EMNLP,
  author    = {Muzny, Grace  and  Zettlemoyer, Luke},
  title     = {Automatic Idiom Identification in {Wiktionary}},
  booktitle = {Proceedings of the 2013 Conference on Empirical Methods in Natural Language Processing},
  month     = {October},
  year      = {2013},
  address   = {Seattle, Washington, USA},
  publisher = {Association for Computational Linguistics},
  pages     = {1417--1421},
  url       = {http://www.aclweb.org/anthology/D13-1145}
}
